%YAML 1.1
%TAG !u! tag:unity3d.com,2011:
--- !u!1 &3699671655410564026
GameObject:
  m_ObjectHideFlags: 0
  m_CorrespondingSourceObject: {fileID: 0}
  m_PrefabInstance: {fileID: 0}
  m_PrefabAsset: {fileID: 0}
  serializedVersion: 6
  m_Component:
  - component: {fileID: 3699671655410564027}
  - component: {fileID: 3699671655410564022}
  - component: {fileID: 3699671655410564021}
  - component: {fileID: 3699671655410564020}
  m_Layer: 0
  m_Name: Cube
  m_TagString: Untagged
  m_Icon: {fileID: 0}
  m_NavMeshLayer: 0
  m_StaticEditorFlags: 0
  m_IsActive: 1
--- !u!4 &3699671655410564027
Transform:
  m_ObjectHideFlags: 0
  m_CorrespondingSourceObject: {fileID: 0}
  m_PrefabInstance: {fileID: 0}
  m_PrefabAsset: {fileID: 0}
  m_GameObject: {fileID: 3699671655410564026}
  m_LocalRotation: {x: 0, y: 0, z: 0, w: 1}
  m_LocalPosition: {x: 1.39, y: 0.5, z: 0}
  m_LocalScale: {x: 8.977064, y: 1, z: 1}
  m_Children: []
  m_Father: {fileID: 3699671655621967334}
  m_RootOrder: 4
  m_LocalEulerAnglesHint: {x: 0, y: 0, z: 0}
--- !u!33 &3699671655410564022
MeshFilter:
  m_ObjectHideFlags: 0
  m_CorrespondingSourceObject: {fileID: 0}
  m_PrefabInstance: {fileID: 0}
  m_PrefabAsset: {fileID: 0}
  m_GameObject: {fileID: 3699671655410564026}
  m_Mesh: {fileID: 10202, guid: 0000000000000000e000000000000000, type: 0}
--- !u!23 &3699671655410564021
MeshRenderer:
  m_ObjectHideFlags: 0
  m_CorrespondingSourceObject: {fileID: 0}
  m_PrefabInstance: {fileID: 0}
  m_PrefabAsset: {fileID: 0}
  m_GameObject: {fileID: 3699671655410564026}
  m_Enabled: 1
  m_CastShadows: 1
  m_ReceiveShadows: 1
  m_DynamicOccludee: 1
  m_MotionVectors: 1
  m_LightProbeUsage: 1
  m_ReflectionProbeUsage: 1
  m_RayTracingMode: 2
  m_RenderingLayerMask: 1
  m_RendererPriority: 0
  m_Materials:
  - {fileID: 10303, guid: 0000000000000000f000000000000000, type: 0}
  m_StaticBatchInfo:
    firstSubMesh: 0
    subMeshCount: 0
  m_StaticBatchRoot: {fileID: 0}
  m_ProbeAnchor: {fileID: 0}
  m_LightProbeVolumeOverride: {fileID: 0}
  m_ScaleInLightmap: 1
  m_ReceiveGI: 1
  m_PreserveUVs: 0
  m_IgnoreNormalsForChartDetection: 0
  m_ImportantGI: 0
  m_StitchLightmapSeams: 1
  m_SelectedEditorRenderState: 3
  m_MinimumChartSize: 4
  m_AutoUVMaxDistance: 0.5
  m_AutoUVMaxAngle: 89
  m_LightmapParameters: {fileID: 0}
  m_SortingLayerID: 0
  m_SortingLayer: 0
  m_SortingOrder: 0
--- !u!65 &3699671655410564020
BoxCollider:
  m_ObjectHideFlags: 0
  m_CorrespondingSourceObject: {fileID: 0}
  m_PrefabInstance: {fileID: 0}
  m_PrefabAsset: {fileID: 0}
  m_GameObject: {fileID: 3699671655410564026}
  m_Material: {fileID: 0}
  m_IsTrigger: 0
  m_Enabled: 1
  serializedVersion: 2
  m_Size: {x: 1, y: 1, z: 1}
  m_Center: {x: 0, y: 0, z: 0}
--- !u!1 &3699671655621967333
GameObject:
  m_ObjectHideFlags: 0
  m_CorrespondingSourceObject: {fileID: 0}
  m_PrefabInstance: {fileID: 0}
  m_PrefabAsset: {fileID: 0}
  serializedVersion: 6
  m_Component:
  - component: {fileID: 3699671655621967334}
  m_Layer: 0
  m_Name: Meja
  m_TagString: Untagged
  m_Icon: {fileID: 0}
  m_NavMeshLayer: 0
  m_StaticEditorFlags: 0
  m_IsActive: 1
--- !u!4 &3699671655621967334
Transform:
  m_ObjectHideFlags: 0
  m_CorrespondingSourceObject: {fileID: 0}
  m_PrefabInstance: {fileID: 0}
  m_PrefabAsset: {fileID: 0}
  m_GameObject: {fileID: 3699671655621967333}
  m_LocalRotation: {x: 0, y: 0, z: 0, w: 1}
  m_LocalPosition: {x: 0, y: 0, z: 0}
  m_LocalScale: {x: 1, y: 1, z: 1}
  m_Children:
  - {fileID: 4195399677022494096}
  - {fileID: 4195399676617604792}
  - {fileID: 4195399678056775126}
  - {fileID: 4195399677983003126}
  - {fileID: 3699671655410564027}
  m_Father: {fileID: 0}
  m_RootOrder: 0
  m_LocalEulerAnglesHint: {x: 0, y: 0, z: 0}
--- !u!1001 &3699671654076500174
PrefabInstance:
  m_ObjectHideFlags: 0
  serializedVersion: 2
  m_Modification:
    m_TransformParent: {fileID: 3699671655621967334}
    m_Modifications:
    - target: {fileID: 679711506544948854, guid: 0eae4fb0ed3f26b4e894b8e3858c948f,
        type: 3}
      propertyPath: m_LocalPosition.x
      value: 2.32
      objectReference: {fileID: 0}
    - target: {fileID: 679711506544948854, guid: 0eae4fb0ed3f26b4e894b8e3858c948f,
        type: 3}
      propertyPath: m_LocalPosition.y
      value: 1.5
      objectReference: {fileID: 0}
    - target: {fileID: 679711506544948854, guid: 0eae4fb0ed3f26b4e894b8e3858c948f,
        type: 3}
      propertyPath: m_LocalPosition.z
      value: -0.007684231
      objectReference: {fileID: 0}
    - target: {fileID: 679711506544948854, guid: 0eae4fb0ed3f26b4e894b8e3858c948f,
        type: 3}
      propertyPath: m_LocalRotation.x
      value: -0
      objectReference: {fileID: 0}
    - target: {fileID: 679711506544948854, guid: 0eae4fb0ed3f26b4e894b8e3858c948f,
        type: 3}
      propertyPath: m_LocalRotation.y
      value: -0
      objectReference: {fileID: 0}
    - target: {fileID: 679711506544948854, guid: 0eae4fb0ed3f26b4e894b8e3858c948f,
        type: 3}
      propertyPath: m_LocalRotation.z
      value: -0
      objectReference: {fileID: 0}
    - target: {fileID: 679711506544948854, guid: 0eae4fb0ed3f26b4e894b8e3858c948f,
        type: 3}
      propertyPath: m_LocalRotation.w
      value: 1
      objectReference: {fileID: 0}
    - target: {fileID: 679711506544948854, guid: 0eae4fb0ed3f26b4e894b8e3858c948f,
        type: 3}
      propertyPath: m_RootOrder
      value: 1
      objectReference: {fileID: 0}
    - target: {fileID: 679711506544948854, guid: 0eae4fb0ed3f26b4e894b8e3858c948f,
        type: 3}
      propertyPath: m_LocalEulerAnglesHint.x
      value: 0
      objectReference: {fileID: 0}
    - target: {fileID: 679711506544948854, guid: 0eae4fb0ed3f26b4e894b8e3858c948f,
        type: 3}
      propertyPath: m_LocalEulerAnglesHint.y
      value: 0
      objectReference: {fileID: 0}
    - target: {fileID: 679711506544948854, guid: 0eae4fb0ed3f26b4e894b8e3858c948f,
        type: 3}
      propertyPath: m_LocalEulerAnglesHint.z
      value: 0
      objectReference: {fileID: 0}
    - target: {fileID: 1981586371375527923, guid: 0eae4fb0ed3f26b4e894b8e3858c948f,
        type: 3}
      propertyPath: m_Name
      value: Cube (2)
      objectReference: {fileID: 0}
    m_RemovedComponents: []
  m_SourcePrefab: {fileID: 100100000, guid: 0eae4fb0ed3f26b4e894b8e3858c948f, type: 3}
--- !u!4 &4195399676617604792 stripped
Transform:
  m_CorrespondingSourceObject: {fileID: 679711506544948854, guid: 0eae4fb0ed3f26b4e894b8e3858c948f,
    type: 3}
  m_PrefabInstance: {fileID: 3699671654076500174}
  m_PrefabAsset: {fileID: 0}
--- !u!1001 &3699671655017982950
PrefabInstance:
  m_ObjectHideFlags: 0
  serializedVersion: 2
  m_Modification:
    m_TransformParent: {fileID: 3699671655621967334}
    m_Modifications:
    - target: {fileID: 679711506544948854, guid: 0eae4fb0ed3f26b4e894b8e3858c948f,
        type: 3}
      propertyPath: m_LocalPosition.x
      value: 4.99
      objectReference: {fileID: 0}
    - target: {fileID: 679711506544948854, guid: 0eae4fb0ed3f26b4e894b8e3858c948f,
        type: 3}
      propertyPath: m_LocalPosition.y
      value: 1.5
      objectReference: {fileID: 0}
    - target: {fileID: 679711506544948854, guid: 0eae4fb0ed3f26b4e894b8e3858c948f,
        type: 3}
      propertyPath: m_LocalPosition.z
      value: -0.007684231
      objectReference: {fileID: 0}
    - target: {fileID: 679711506544948854, guid: 0eae4fb0ed3f26b4e894b8e3858c948f,
        type: 3}
      propertyPath: m_LocalRotation.x
      value: -0
      objectReference: {fileID: 0}
    - target: {fileID: 679711506544948854, guid: 0eae4fb0ed3f26b4e894b8e3858c948f,
        type: 3}
      propertyPath: m_LocalRotation.y
      value: -0
      objectReference: {fileID: 0}
    - target: {fileID: 679711506544948854, guid: 0eae4fb0ed3f26b4e894b8e3858c948f,
        type: 3}
      propertyPath: m_LocalRotation.z
      value: -0
      objectReference: {fileID: 0}
    - target: {fileID: 679711506544948854, guid: 0eae4fb0ed3f26b4e894b8e3858c948f,
        type: 3}
      propertyPath: m_LocalRotation.w
      value: 1
      objectReference: {fileID: 0}
    - target: {fileID: 679711506544948854, guid: 0eae4fb0ed3f26b4e894b8e3858c948f,
        type: 3}
      propertyPath: m_RootOrder
      value: 0
      objectReference: {fileID: 0}
    - target: {fileID: 679711506544948854, guid: 0eae4fb0ed3f26b4e894b8e3858c948f,
        type: 3}
      propertyPath: m_LocalEulerAnglesHint.x
      value: 0
      objectReference: {fileID: 0}
    - target: {fileID: 679711506544948854, guid: 0eae4fb0ed3f26b4e894b8e3858c948f,
        type: 3}
      propertyPath: m_LocalEulerAnglesHint.y
      value: 0
      objectReference: {fileID: 0}
    - target: {fileID: 679711506544948854, guid: 0eae4fb0ed3f26b4e894b8e3858c948f,
        type: 3}
      propertyPath: m_LocalEulerAnglesHint.z
      value: 0
      objectReference: {fileID: 0}
    - target: {fileID: 1981586371375527923, guid: 0eae4fb0ed3f26b4e894b8e3858c948f,
        type: 3}
      propertyPath: m_Name
      value: Cube (3)
      objectReference: {fileID: 0}
    m_RemovedComponents: []
  m_SourcePrefab: {fileID: 100100000, guid: 0eae4fb0ed3f26b4e894b8e3858c948f, type: 3}
--- !u!4 &4195399677022494096 stripped
Transform:
  m_CorrespondingSourceObject: {fileID: 679711506544948854, guid: 0eae4fb0ed3f26b4e894b8e3858c948f,
    type: 3}
  m_PrefabInstance: {fileID: 3699671655017982950}
  m_PrefabAsset: {fileID: 0}
--- !u!1001 &3699671656003561344
PrefabInstance:
  m_ObjectHideFlags: 0
  serializedVersion: 2
  m_Modification:
    m_TransformParent: {fileID: 3699671655621967334}
    m_Modifications:
    - target: {fileID: 679711506544948854, guid: 0eae4fb0ed3f26b4e894b8e3858c948f,
        type: 3}
      propertyPath: m_LocalPosition.x
      value: -2.309804
      objectReference: {fileID: 0}
    - target: {fileID: 679711506544948854, guid: 0eae4fb0ed3f26b4e894b8e3858c948f,
        type: 3}
      propertyPath: m_LocalPosition.y
      value: 1.5
      objectReference: {fileID: 0}
    - target: {fileID: 679711506544948854, guid: 0eae4fb0ed3f26b4e894b8e3858c948f,
        type: 3}
      propertyPath: m_LocalPosition.z
      value: -0.007684231
      objectReference: {fileID: 0}
    - target: {fileID: 679711506544948854, guid: 0eae4fb0ed3f26b4e894b8e3858c948f,
        type: 3}
      propertyPath: m_LocalRotation.x
      value: -0
      objectReference: {fileID: 0}
    - target: {fileID: 679711506544948854, guid: 0eae4fb0ed3f26b4e894b8e3858c948f,
        type: 3}
      propertyPath: m_LocalRotation.y
      value: -0
      objectReference: {fileID: 0}
    - target: {fileID: 679711506544948854, guid: 0eae4fb0ed3f26b4e894b8e3858c948f,
        type: 3}
      propertyPath: m_LocalRotation.z
      value: -0
      objectReference: {fileID: 0}
    - target: {fileID: 679711506544948854, guid: 0eae4fb0ed3f26b4e894b8e3858c948f,
        type: 3}
      propertyPath: m_LocalRotation.w
      value: 1
      objectReference: {fileID: 0}
    - target: {fileID: 679711506544948854, guid: 0eae4fb0ed3f26b4e894b8e3858c948f,
        type: 3}
      propertyPath: m_RootOrder
      value: 3
      objectReference: {fileID: 0}
    - target: {fileID: 679711506544948854, guid: 0eae4fb0ed3f26b4e894b8e3858c948f,
        type: 3}
      propertyPath: m_LocalEulerAnglesHint.x
      value: 0
      objectReference: {fileID: 0}
    - target: {fileID: 679711506544948854, guid: 0eae4fb0ed3f26b4e894b8e3858c948f,
        type: 3}
      propertyPath: m_LocalEulerAnglesHint.y
      value: 0
      objectReference: {fileID: 0}
    - target: {fileID: 679711506544948854, guid: 0eae4fb0ed3f26b4e894b8e3858c948f,
        type: 3}
      propertyPath: m_LocalEulerAnglesHint.z
      value: 0
      objectReference: {fileID: 0}
    - target: {fileID: 1981586371375527923, guid: 0eae4fb0ed3f26b4e894b8e3858c948f,
        type: 3}
      propertyPath: m_Name
      value: Cube
      objectReference: {fileID: 0}
    m_RemovedComponents: []
  m_SourcePrefab: {fileID: 100100000, guid: 0eae4fb0ed3f26b4e894b8e3858c948f, type: 3}
--- !u!4 &4195399677983003126 stripped
Transform:
  m_CorrespondingSourceObject: {fileID: 679711506544948854, guid: 0eae4fb0ed3f26b4e894b8e3858c948f,
    type: 3}
  m_PrefabInstance: {fileID: 3699671656003561344}
  m_PrefabAsset: {fileID: 0}
--- !u!1001 &3699671656043105184
PrefabInstance:
  m_ObjectHideFlags: 0
  serializedVersion: 2
  m_Modification:
    m_TransformParent: {fileID: 3699671655621967334}
    m_Modifications:
    - target: {fileID: 679711506544948854, guid: 0eae4fb0ed3f26b4e894b8e3858c948f,
        type: 3}
      propertyPath: m_LocalPosition.x
      value: -0.15
      objectReference: {fileID: 0}
    - target: {fileID: 679711506544948854, guid: 0eae4fb0ed3f26b4e894b8e3858c948f,
        type: 3}
      propertyPath: m_LocalPosition.y
      value: 1.5
      objectReference: {fileID: 0}
    - target: {fileID: 679711506544948854, guid: 0eae4fb0ed3f26b4e894b8e3858c948f,
        type: 3}
      propertyPath: m_LocalPosition.z
      value: -0.007684231
      objectReference: {fileID: 0}
    - target: {fileID: 679711506544948854, guid: 0eae4fb0ed3f26b4e894b8e3858c948f,
        type: 3}
      propertyPath: m_LocalRotation.x
      value: -0
      objectReference: {fileID: 0}
    - target: {fileID: 679711506544948854, guid: 0eae4fb0ed3f26b4e894b8e3858c948f,
        type: 3}
      propertyPath: m_LocalRotation.y
      value: -0
      objectReference: {fileID: 0}
    - target: {fileID: 679711506544948854, guid: 0eae4fb0ed3f26b4e894b8e3858c948f,
        type: 3}
      propertyPath: m_LocalRotation.z
      value: -0
      objectReference: {fileID: 0}
    - target: {fileID: 679711506544948854, guid: 0eae4fb0ed3f26b4e894b8e3858c948f,
        type: 3}
      propertyPath: m_LocalRotation.w
      value: 1
      objectReference: {fileID: 0}
    - target: {fileID: 679711506544948854, guid: 0eae4fb0ed3f26b4e894b8e3858c948f,
        type: 3}
      propertyPath: m_RootOrder
      value: 2
      objectReference: {fileID: 0}
    - target: {fileID: 679711506544948854, guid: 0eae4fb0ed3f26b4e894b8e3858c948f,
        type: 3}
      propertyPath: m_LocalEulerAnglesHint.x
      value: 0
      objectReference: {fileID: 0}
    - target: {fileID: 679711506544948854, guid: 0eae4fb0ed3f26b4e894b8e3858c948f,
        type: 3}
      propertyPath: m_LocalEulerAnglesHint.y
      value: 0
      objectReference: {fileID: 0}
    - target: {fileID: 679711506544948854, guid: 0eae4fb0ed3f26b4e894b8e3858c948f,
        type: 3}
      propertyPath: m_LocalEulerAnglesHint.z
      value: 0
      objectReference: {fileID: 0}
    - target: {fileID: 1981586371375527923, guid: 0eae4fb0ed3f26b4e894b8e3858c948f,
        type: 3}
      propertyPath: m_Name
      value: Cube (1)
      objectReference: {fileID: 0}
    m_RemovedComponents: []
  m_SourcePrefab: {fileID: 100100000, guid: 0eae4fb0ed3f26b4e894b8e3858c948f, type: 3}
--- !u!4 &4195399678056775126 stripped
Transform:
  m_CorrespondingSourceObject: {fileID: 679711506544948854, guid: 0eae4fb0ed3f26b4e894b8e3858c948f,
    type: 3}
  m_PrefabInstance: {fileID: 3699671656043105184}
  m_PrefabAsset: {fileID: 0}
